% This file was created with JabRef 2.9b2.
% Encoding: ISO8859_1

@book
{
    Fonseca2007ModCalculculusofVar,
    title =      {Modern methods in the calculus of variations: Lp spaces},
    author =      {Irene Fonseca and Giovanni Leoni },
    isbn = {978-0-387-69006-3},
    edition = {},
    volume =  {},
	publisher={Springer},
	year={2007}
}

@book{Santambrogio2015OT,
	title={Optimal Transport for Applied Mathematicians.},
	author={Filippo Santambrogio},
	series={Progress in Nonlinear Differential Equations and Their Applications},
	volume={87},
	year={2015},
	publisher={Springer}
}

@book{munkres2000topology,
  title={Introduction to Topology},
  author={Munkres and J.R.},
  edition={2nd.},
  isbn={9780131784499},
  lccn={99052942},
  series={Series in Topology},
  year={2000},
  publisher={Prentice-Hall}
}

@misc{flamary2017pot,
  title={POT Python Optimal Transport library},
  author={Flamary R\'emi and Courty, Nicolas},
  url={https://github.com/rflamary/POT},
  year={2017}
}

@book{Luenberger2007LinNonLinProg,
title={Linear and Nonlinear Programming},
author = {David G. Luenberger and Yinyu Ye},
year={2007},
publisher={Springer}
}


@article{Milan2000TpicsWeakconvProbs,
title={Topics in weak convergence of probability measures.},
author={Milan Merkle},
year={2000},
pages={235-274},
volume=9,
number=17,
journal={Zb. radova Mat. Inst. Beograd}
}

@book{Morris1976DifferentialTopology,
  title = {Differential Topology},
  author ={Morris W. Hirsch},
  isbn = {3-540-90148-5},
  year={1976},
  publisher={springer}
}


@article{Kantorovich1942,
  title={On the translocation of masses},
  author={L. Kantorovich},
  year={1942},
  journal={Dokl. Acad. Nauk. USSR},
  pages={227-229},
  volume={37},
  number={7-8}

}

@book{bogachev2007Measure,
 author={Bogachev, Vladimir I.},
 title={Measure theory},
 publisher={Springer-Verlag},
 address={Berlin Heidelberg},
 year={2007}
}


@book{Villani2008OT,
 author={Cédric Villani},
 title={Optimal Transport: Old and New},
 volume={338 of Grundlehren der mathematischen Wissenschaften},
 publisher={Springer Science and Business Media},
 year={2008},
 pages={976}
}

@book{Barbu2012Optimization,
author={Viorel Barbu and Teodor Precupanu},
title={Convexity and Optimization in Banach Spaces},
series={Springer Monographs in Mathematics},
publisher={Springer},
edition={4},
year=2012
}


@book{Steffens2006HistoryofApprox,
author={Karl-Georg Steffens},
title={The History of Approximation Theory. From Euler to Bernstein},
publisher={Birkh\"auser},
year={2006}
}
@book{Zygmund,
title ={Selected Papers of Antoni Zygmund},
series={Mathematics and Its Applications (East European Series)},
editor={A. Hulanicki and P. Wojtaszczyk and W. Żelazko},
publisher={KLUWER ACADEMIC PUBLISHERS},
volume={3},
year={1989}
}

@incollection{Konstantinos2008Klee-Minty,
title={Linear Programming: Klee–Minty Examples},
author={Konstatinos Paparrizos, Nikolaos Samaras, Dimitrios Zissopoulos},
editor={Floudas C., Pardalos P.},
booktitle={Encyclopedia of Optimization.},
year={2008},
address={Boston},
publisher={Springer},
edition={2}
}
@article{Orlin1997PolynomialTimeNetworkSimplex,
title={A polynomial time primal network simplex algorithm for minimum cost flows},
author={James B. Orlin},
year={1997},
publisher={Elsevier Science B.V.},
volume={78},
pages={109-129},
journal={Mathematical Programming}
}
@article{Tarjan1997DynamicTreesNetworkSimplex,
title={Dynamic trees as search trees via Euler tours, applied to the network simplex algorithm },
author={Robert E. Tarjan},
year={1997},
publisher={Elsevier Science B.V.},
volume={78},
pages={169-177},
journal={Mathematical Programming}
}
@book{Patrick1999ConverProbMeas,
title={Convergence of Probability Measures},
author={Patrick Billingsley},
edition={2},
publisher={John Wiley and Sons.},
series={Probability and Statistics},
year={1999}
}
@misc{Cuturi2018CompOT,
title={Computational Optimal Transport},
author={Gabriel Peyr\'e; Marco Cuturi},
year={2018},
url={https://optimaltransport.github.io/}
}

@article{Tribus1964Shannon,
author={Tribus, Myron},
year={1964},
title={Information theory and thermodynamics},
journal={Heat Transfer, Thermodynamics and Education: Boelter Anniversary},
publisher={MacGraw-Hill},
pages={354}
}
@article{Dean2014OTFilters,
author={Dean S. Oliver},
year={2014},
title={Minimization for conditional simulation: Relationship to optimal transport},
volume={265},
pages={1-15},
journal={Journal of Computational Physics},
publisher={Elsevier}
}
@article{Tarek2012OTFilter, 
author={El Moselhy and Tarek A. and Youssef M. Marzouk.},
year={2012},
title={Bayesian Inference with Optimal Maps.},
journal={ournal of Computational Physics 231},
publisher={Elsevier},
volume={23},
pages={7815–7850}
}

@article{Joel1989ScalingMatrices,
title={On the Scaling of Multidimensional Matrices},
year={1989},
author={Joel Franklin and Jens Lorenz},
journal={LINEAR ALGEBRA AND ITS APPLICATlONS},
publisher ={Elsevier},
volume={114-115},
pages={717-735}
}

@phdthesis{Papadakis2015OTImageProcessing,
  author       = {Nicolas Papadakis}, 
  title        = {Optimal Transport for Image Processing},
  school       = {Signal and Image Processing. Universit\'e de Bordeaux},
  year         = 2015,
  address      = {l’Institut de Mathématiques de Bordeaux (UMR 5251)},
  month        = 12,
}
@article{Buttazzo2000MongeKantorovich,
author={Guy Bouchitté and Giuseppe Buttazzo},
title={Characterization of optimal shapes and masses through Monge-Kantorovich equation},
year={2001},
journal={J. Eur. Math. Soc.},
volume={3},
pages={139–168},
publisher={JEMS},
}
@article{deGoes:2012:BNOT,
    title = {Blue Noise through Optimal Transport},
    author = {F. de Goes and K. Breeden and V. Ostromoukhov and M. Desbrun},
    journal = {ACM Trans. Graph. (SIGGRAPH Asia)},
    volume= {31},
    issue = {6},
    year = 2012,
} 
@article{Brenier2000Fluidmechanics,
author={Jean-David Benamou and Yann Brenier},
title={A computational fluid mechanics solution to the Monge-Kantorovich mass transfer problem},
volume={84},
pages={375–393},
journal={Numerische Mathematik},
publisher={Springer},
year={2000}
}
@article{Courty2017OTDA,
author={N. Courty and R. Flamary and D. Tuia and A. Rakotomamonjy},
journal={IEEE Transactions on Pattern Analysis and Machine Intelligence},
title={Optimal Transport for Domain Adaptation},
year={2017},
volume={39},
number={9},
pages={1853-1865},
keywords={data analysis;learning (artificial intelligence);pattern classification;domain adaptation;modern data analytics;domain-invariant representations;classifier;regularized unsupervised optimal transportation model;PDFs;domain invariant deep learning features;Transportation;Probability density function;Probability distribution;Training;Feature extraction;Kernel;Data analysis;Unsupervised domain adaptation;optimal transport;transfer learning;visual adaptation;classification},
doi={10.1109/TPAMI.2016.2615921},
ISSN={0162-8828},
month={Sept},}

@article{Tanaka1978Maxwell,
title={Probabilistic treatment of the Boltzmann equation of Maxwellian molecules},
author={Hitoshi Tanaka},
year={1978},
journal={Wahrscheinlichkeitstheorie verw Gebiete},
volume={46},
pages={67-105}
}

@article{Leonard2012Schrodinger,
title={From the Schr\"odinger problem to the Monge–Kantorovich problem},
author={Christian L\'eonard},
year={2012},
volume={262},
pages={1879–1920},
journal={Functional Analysis},
publisher={Elsevier},
}
@article{Peyre2012TextureMixing,
title={Wasserstein Barycenter and Its Application to Texture Mixing},
author={Julien Rabin and Gabriel Peyr\'e and Julie Delon and Marc Bernot},
year={2012},
journal={Scale Space and Variational Methods in Computer Vision},
series={Lecture Notes in Computer Science},
publisher={Springer},
address={Berlin, Heidelberg},
editor={Bruckstein A.M. and ter Haar Romeny B.M. and Bronstein A.M. and Bronstein M.M.},
volume={6667},
pages={435-446},
}
@article{Figalli@2011,
title={Nonlinear PDE's and applications},
author={Alessio Figalli AND C\'edric Villani},
year={2011},
series={Lecture Notes in Math},
publisher={Springer},
journal={Nonlinear PDE's and applications},
pages={171-217},
volume={2028}
}

@book{Kreyszig1978FAME,
title={NTRODUCTORY FUNCTIONAL ANALYSIS WITH~ APPLICATIONS},
author={Erwin Kreyzig},
publisher={JOHN WILEY \& SONS},
year={1978},
series={Wiley's classics Library}
}

@book{Ekeland1999Convex,
title={Convex Analysis and Variational Problems},
author={Ivar Ekeland and Roger Témam},
year={1999},
series={Classics in Applied Mathematics},
publisher={S.I.A.M.},
volume={28}
}
@book{Clarke2013FAME,
title={Functional Analysis, Calculus of Variations and Optimal Control},
author={Francis Clarke},
year={2013},
publisher={Springer},
series={Graduate Texts in Mathematics},
volume={264},
}
@book{Donald2013MeasureTheory,
author={Donald L. Cohn},
title={Measure Theory},
edition={2},
publisher={Birkh\"auser},
year={2006},
}
